<?xml version="1.0" encoding="utf-8"?>
<record xmlns="http://www.loc.gov/MARC21/slim" xmlns:xsi="http://www.w3.org/2001/XMLSchema-instance" xsi:schemaLocation="http://www.loc.gov/MARC21/slim http://www.loc.gov/standards/marcxml/schema/MARC21slim.xsd">
	<leader>     nam a22     Mi 4500</leader>
	<controlfield tag="001">2753521</controlfield>
	<controlfield tag="003">NjP</controlfield>
	<controlfield tag="006">m        d        </controlfield>
	<controlfield tag="007">cr cn |||m|||a</controlfield>
	<controlfield tag="008">180802s1952    ir      o     000 0 arard</controlfield>
	<datafield ind1="7" ind2=" " tag="024">
		<subfield code="a">princeton_aco001072</subfield>
		<subfield code="2">local</subfield>
	</datafield>
	<datafield ind1=" " ind2=" " tag="040">
		<subfield code="a">ZYU</subfield>
		<subfield code="b">eng</subfield>
		<subfield code="c">ZYU</subfield>
	</datafield>
	<datafield ind1=" " ind2="4" tag="050">
		<subfield code="a">BP136.48</subfield>
		<subfield code="b">.A73 1952</subfield>
	</datafield>
	<datafield ind1=" " ind2=" " tag="079">
		<subfield code="a">ocm17993497</subfield>
	</datafield>
	<datafield ind1="1" ind2=" " tag="100">
		<subfield code="6">880-01</subfield>
		<subfield code="a">Ardabīlī al-Gharawī al-Ḥaʼirī, Muḥammad ibn ʻAlī,</subfield>
		<subfield code="d">-1593.</subfield>
	</datafield>
	<datafield ind1="1" ind2="0" tag="245">
		<subfield code="6">880-02</subfield>
		<subfield code="a">Jāmiʻ al-ruwāh wa-izāhat al-ishtibāhāt ʻan al-ṭuruq wa-al-ashad</subfield>
		<subfield code="h">[electronic resource] /</subfield>
		<subfield code="c">taṣhīf Muḥammad ibn ʻAlī al-Ardabīlī al-Ghurawī al-Ḥāʼirī.</subfield>
	</datafield>
	<datafield ind1=" " ind2=" " tag="260">
		<subfield code="6">880-03</subfield>
		<subfield code="a">[Teheran?] :</subfield>
		<subfield code="b">Maktabat al-Muḥammadī,</subfield>
		<subfield code="c">1331? i.e. 1952? or 1953?]</subfield>
	</datafield>
	<datafield ind1=" " ind2=" " tag="300">
		<subfield code="a">online resource (2 v.)</subfield>
	</datafield>
	<datafield ind1=" " ind2=" " tag="500">
		<subfield code="a">Part of the Arabic Collections Online (ACO) project, contributed by Princeton University Libraries.</subfield>
	</datafield>
	<datafield ind1=" " ind2=" " tag="533">
		<subfield code="a">Electronic reproduction.</subfield>
		<subfield code="b">New York, N.Y. :</subfield>
		<subfield code="c">New York University,</subfield>
		<subfield code="d">2018.</subfield>
		<subfield code="5">NNU</subfield>
	</datafield>
	<datafield ind1=" " ind2="0" tag="650">
		<subfield code="a">Hadith</subfield>
		<subfield code="x">Authorities.</subfield>
	</datafield>
	<datafield ind1="2" ind2=" " tag="710">
		<subfield code="a">Princeton University.</subfield>
		<subfield code="b">Library.</subfield>
	</datafield>
	<datafield ind1="0" ind2=" " tag="730">
		<subfield code="a">Arabic Collections Online.</subfield>
	</datafield>
	<datafield ind1="0" ind2="8" tag="776">
		<subfield code="i">Print version:</subfield>
		<subfield code="a">Ardabīlī al-Gharawī al-Ḥaʼirī, Muḥammad ibn ʻAlī, -1593.</subfield>
		<subfield code="t">Jāmiʻ al-ruwāh wa-izāhat al-ishtibāhāt ʻan al-ṭuruq wa-al-ashad</subfield>
		<subfield code="w">(NjP)2753521</subfield>
	</datafield>
	<datafield ind1="4" ind2="0" tag="856">
		<subfield code="u">http://hdl.handle.net/2333.1/mgqnkgzz</subfield>
	</datafield>
	<datafield ind1="1" ind2=" " tag="880">
		<subfield code="6">100-01</subfield>
		<subfield code="a">اردبيلي الغروي الحأري، محمد بن علي،‎</subfield>
		<subfield code="d">-1593.</subfield>
	</datafield>
	<datafield ind1="1" ind2="0" tag="880">
		<subfield code="6">245-02</subfield>
		<subfield code="a">جامع الرواة :‎</subfield>
		<subfield code="b">وازاحة الاشتبهات عن الطرق والاسناد /‎</subfield>
		<subfield code="c">تصنيف محمد ابن علىاردبيلى الغروى الحاائرى.‎</subfield>
	</datafield>
	<datafield ind1=" " ind2=" " tag="880">
		<subfield code="6">260-03</subfield>
		<subfield code="a">[طهران؟] :‎</subfield>
		<subfield code="b">مكتبة المحمدي،‎</subfield>
		<subfield code="c">1331? i.e. 1952? or 1953?]</subfield>
	</datafield>
	<datafield ind1=" " ind2=" " tag="911">
		<subfield code="a">20000130</subfield>
	</datafield>
	<datafield ind1=" " ind2=" " tag="959">
		<subfield code="a">NNU</subfield>
		<subfield code="b">WEB</subfield>
		<subfield code="c">GENI</subfield>
		<subfield code="t">0</subfield>
		<subfield code="m">Electronic access</subfield>
		<subfield code="s">01</subfield>
	</datafield>
	<datafield ind1=" " ind2=" " tag="999">
		<subfield code="a">2753521</subfield>
		<subfield code="e">(ERROR-MISC)</subfield>
		<subfield code="i">NjP_2753521</subfield>
		<subfield code="s">princeton_aco001077:v.1</subfield>
		<subfield code="s">princeton_aco001072:v.2</subfield>
	</datafield>
</record>
